%%% ====================================================================
%%%  BibTeX-file{
%%%     author          = "David Rhead",
%%%     version         = "1.00",
%%%     date            = "17 Feb 1990",
%%%     time            = "17:00 GMT",
%%%     filename        = "test.bib",
%%%     address         = "Cripps Computing Centre,
%%%                        University of Nottingham,
%%%                        University Park,
%%%                        Nottingham,
%%%                        NG7 2RD,
%%%                        United Kingdom",
%%%     telephone       = "+44 602 484848 Ext 2670",
%%%     FAX             = "+44 602 588138",
%%%     checksum        = "05151 839 2908 25082",
%%%     email           = "David_Rhead at uk.ac.nott.vme (JANET)",
%%%     codetable       = "ISO/ASCII",
%%%     keywords        = "bibliography, citation, references",
%%%     supported       = "no",
%%%     docstring       = "This BibTeX database file contains entries
%%%                        designed for testing whether a BibTeX style
%%%                        file lays references out as recommended by
%%%                        certain authorities.  (Note, however, that
%%%                        the BS 1629 examples are from the 1976
%%%                        edition.  The file needs updating to use
%%%                        examples from the 1989 edition instead.)
%%%
%%%                        The checksum field above contains a CRC-16
%%%                        checksum as the first value, followed by the
%%%                        equivalent of the standard UNIX wc (word
%%%                        count) utility output of lines, words, and
%%%                        characters.  This is produced by Robert
%%%                        Solovay's checksum utility.",
%%%  }
%%% ====================================================================
%% @COMMENT{Some other standard works describing conventions for citations
%%      and bibliographies}


% lower or upper case on each word?
% check that all is used and have the correct format?
% is this an article?

@Article{saldo,
    author      = {Lars Borin and Markus Forsberg and Lennart L\"{o}nngren},
    title       = "SALDO 1.0 (Svenskt associationslexikon version 2)",
    editor      = "",
    year        = "2008",
    url     = "http://spraakbanken.gu.se/personal/markus/publications/saldo_1.0.pdf",
    pages       = "",
}

@MISC{webalt,
    author = {Olga Caprotti},
    title = {{W}eb{A}{L}{T}! {D}eliver {M}athematics {E}verywhere},
    year = {2006}
}
@Article{talbanken,
    title       = {Talbankens skriftspr{\aa}kskonkordans},
    author      = "Jan Einarsson",
    editor      = "",
    year        = "1976",
    url     = "http://spraakbanken.gu.se/personal/markus/publications/saldo_1.0.pdf",
    pages       = "",
}

@MISC{molto,
    title = {MOLTO - Multilingual On-line Translation},
    url     = "http://www.molto-project.eu/",
    year = {2010}
}

@Article{MarkusForsberg2007,
  title       = "Three Tools for Language Processing: BNF Converter, Functional Morphology, and Extract",
  author      = "Markus Forsberg",
  editor      = "",
  year        = "2007",
  url     = "http://www.cs.chalmers.se/~markus/phd2007_print_version.pdf
             http://www.cs.chalmers.se/~markus/abstract_print_version.pdf",
   pages       = "",
  }
@MISC{malt,
    author = {Johan Hall},
    title = {{A} {H}ybrid {C}onstituency-{D}ependency {P}arser for {S}wedish},
    year = {2007}
}
@Article{talk,
    title       = "The TALK Grammar Library: an Integration of GF with TrindiKit",
    author      = {Peter Ljungl\"of and Bj\"orn Bringert and Robin Cooper and Ann-Charlotte Forslund and David Hjelm and Rebecca Jonson and Aarne Ranta},
    editor      = "",
    year        = "2005",
    url     = "http://www.talk-project.org/fileadmin/talk/publications_public/deliverables_public/TK_D1-1.pdf",
    pages       = "",
}
% better reference?
@INPROCEEDINGS{talbanken05,
    author = {Joakim Nivre and Jens Nilsson and Johan Hall},
    title = {{T}albanken05: {A} {S}wedish treebank with phrase structure and dependency annotation},
    booktitle = {{I}n {P}roceedings of the fifth international conference on {L}anguage {R}esources and {E}valuation ({L}{R}{E}{C}2006)},
    year = {2006},
    pages = {24--26}
} 
@book{ranta-2011,
   author = "Aarne Ranta",
   title= "Grammatical Framework: Programming with Multilingual Grammars",
   publisher = "CSLI Publications, Stanford",
   year = "2011",
   isbn = "ISBN-10: 1-57586-626-9",
   }
@MISC{wiren,
    author = {Mats Wir\'en},
    title = {On control strategies and incrementality in unification-based chart parsing},
    year = {1988}
}
@INPROCEEDINGS{casswe,
    author = {Dimitrios Kokkinakis and Sofie Johansson Kokkinakis},
    title = {{A} {C}ascaded {F}inite-{S}tate {P}arser for {S}yntactic {A}nalysis of {S}wedish},
    booktitle = {{I}n {P}roceedings of the 9th {E}{A}{C}{L}},
    year = {1999},
    pages = {245--248}
}
@misc{birn,
    title       = "{S}wedish {C}onstraint {G}rammar",
    author      = "Birn, Juhani",
    editor = {Lingsoft Inc.},
    url =         {http://www2.lingsoft.fi/doc/swecg/intro/},
    year        = "1998",
}
@INPROCEEDINGS{fdg,
    author = {Pasi Tapanainen and Timo Järvinen},
    title = {A Non-Projective Dependency Parser},
    booktitle = {In Proceedings of the 5th Conference on Applied Natural Language Processing},
    year = {1997},
    pages = {64--71}
}
@inproceedings{matrix,
  author = {Bender, Emily M. and Flickinger, Dan and Oepen, Stephan},
  title = {{T}he {G}rammar {M}atrix: {A}n {O}pen-{S}ource {S}tarter-{K}it for the
           {R}apid {D}evelopment of {C}ross-{L}inguistically {C}onsistent
           {B}road-{C}overage {P}recision {G}rammars},
  booktitle = {{P}roceedings of the {W}orkshop on {G}rammar {E}ngineering and
               {E}valuation at the 19th {I}nternational {C}onference on
               {C}omputational {L}inguistics},
  editor = {{C}arroll, {J}ohn and {O}ostdijk, {N}elleke and {S}utcliffe, {R}ichard},
  address = {{T}aipei, {T}aiwan},
  pages = {8--14},
  year = {2002}
}
@Book{hpsg,
 title = {Head-Driven {P}hrase {S}tructure {G}rammar},
 publisher = {{U}niversity of {C}hicago {P}ress},
 year = {1994},
 author = {Pollard, C. and Sag, I.}
}
@article{mrs,
  author = {Copestake, Ann and Flickinger, Dan and Sag, Ivan A. and Pollard, Carl},
  title = {{M}inimal {R}ecursion {S}emantics: {A}n {I}ntroduction},
  url = {http://www-csli.stanford.edu/\~{}sag/sag.html},
  note = {{D}raft},
  year = {1999}
}
@article{scandmatrix,
    author = "Anders Søgaard and Petter Haugereid",
    title = "{A} brief documentation of a computational {HPSG} grammar specifying (most of) the common subset of linguistic types for {D}anish, {N}orwegian and {S}wedish",
    year = "2005",
    journal = "{N}ordisk {S}progteknologi 2004",
    pages    = "247-56",
    editor      = "{H}. {H}olmboe",
    address  = "{C}openhagen: {M}useum {T}usculanum",
}
@mastersthesis{stymne,
    author    = "Sara Stymne",
    title     = "{S}wedish-{{E}}nglish {V}erb {F}rame {D}ivergences in a {B}ilingual {H}ead-driven {P}hrase {S}tructure {G}rammar for {M}achine {T}ranslation",
    school    = "{L}inköping {U}niversity",
    year      = "2006",
}
@book{gamback,
    author = {Björn Gambäck},
    title = {{P}rocessing {S}wedish {S}entences: {A} {U}nification-{B}ased {G}rammar and {S}ome {A}pplications},
    year = {1997}
}
@book{spoken,
    author    = "Manny Rayner and David Carter and Pierrette Bouillon and Vassilisi Digalakis and Mats
    Wirén",
    title     = "{T}he spoken language translator",
    publisher = "{C}ambridge {U}niverisy press", 
    year      = "2000",
}
@MISC{nivreTrees,
    author = {Joakim Nivre},
    title = {{W}hat {K}inds of {T}rees {G}row in {S}wedish {S}oil? {A} comparison of four annotation schemes for {S}wedish},
    year = {2002}
}
@article{tag,
    author    = "Aravind K. Joshi",
    title     = "{T}ree adjunct grammars",
    journal   = "{J}ournal of {C}omputer and {S}ystem {S}ciences archive",
    year      = "1975",
}
@inproceedings{pargram,
 author = {Butt, Miriam and Dyvik, Helge and King, Tracy Holloway and Masuichi, Hiroshi and Rohrer, Christian},
 title = {{T}he {P}arallel {G}rammar project},
 booktitle = {{C}{O}{L}{I}{N}{G}-02 on {G}rammar {E}ngineering and {E}valuation},
 year = {2002},
 pages = {1--7},
 url = {http://dx.doi.org/10.3115/1118783.1118786},
 publisher = {{A}ssociation for {C}omputational {L}inguistics},
 address = {{M}orristown, {N}{J}, {U}{S}{A}},
 }
@book{H&H,
    author    = "Philip Holmes and Ian Hinchcliff",
    title     = "{S}wedish - {A} {C}omprehensive {G}rammar",
    year      = "1994",
    edition   = "2nd",
    publisher = "{R}outledge",
    address   = "{L}ondon"
}
@book{SAG,
    author    = "Ulf Teleman and Staffan Hellberg and Erik Andersson",
    title     = "{S}venska {A}kademiens grammatik",
    year      = "1999",
    publisher = "{S}venska {A}kademien, {N}ordstedts",
    label = "SAG"
    }
@misc{laanemets,
    title       = "{T}he passive voice in written and spoken {S}candinavian",
    author      = "Laanemets, Anu",
    journal     = "{F}ryd, {M}arc (ed.) {P}assive in {G}ermanic {L}anguages",
    url =         {http://gagl.eldoc.ub.rug.nl/root/2009-49/2009-49-07/?pLanguage=en\&pFullItemRecord=ON},
    year        = "2009",
}
@inproceedings{cnl,
  author    = {Krasimir Angelov and
               Aarne Ranta},
  title     = {{I}mplementing {C}ontrolled {L}anguages in {G}{F}},
  booktitle = {{C}{N}{L}},
  year      = {2009},
  pages     = {82-101},
}
@conference {patent,
	title = {{P}atent translation within the {M}{O}{L}{T}{O} project},
          year = {2011},
	keywords = {{G}{F}, hybrid, patent translation, {S}{M}{T}},
	url = {http://www.molto-project.eu/sites/default/files/patents{M}{O}{L}{T}{O}4.pdf},
	author = {Cristina Espa{\~n}a-Bonet and Enache, Ramona and Slaski, Adam and Ranta, Aarne and Llu\'\is Marquez and Gonzalez, Meritxell}
}

