@article{saldo,
    title       = "SALDO 1.0 (Svenskt associationslexikon version 2)",
    author      = "Lars Borin, Markus Forsberg, Lennart Lönngren",
    editor      = "",
    year        = "2008",
    url     = "http://spraakbanken.gu.se/personal/markus/publications/saldo_1.0.pdf",
    pages       = "",
}
@MISC{webalt,
    author = {Olga Caprotti},
    title = {WebALT! Deliver Mathematics Everywhere},
    year = {}
}
@article{talbanken,
    title       = "Talbankens skriftspråkskonkordans",
    author      = "Jan Einarsson",
    editor      = "",
    year        = "1976",
    url     = "http://spraakbanken.gu.se/personal/markus/publications/saldo_1.0.pdf",
    pages       = "",
}

@MISC{molto,
    title = {MOLTO - Multilingual On-line Translation},
    url     = "http://www.molto-project.eu/",
    year = {2010}
}
@article{MarkusForsberg2007,
  title       = "Three Tools for Language Processing: BNF Converter, Functional Morphology, and Extract",
  author      = "Markus Forsberg",
  editor      = "",
  year        = "2007",
  url     = "http://www.cs.chalmers.se/~markus/phd2007_print_version.pdf
http://www.cs.chalmers.se/~markus/abstract_print_version.pdf",
   pages       = "",
  }
@MISC{malt,
    author = {Johan Hall},
    title = {A Hybrid Constituency-Dependency Parser for Swedish},
    year = {}
}
@article{talk,
    title       = "The TALK Grammar Library: an Integration of GF with TrindiKit",
    author      = "Peter Ljunglöf, Björn Bringert, Robin Cooper, Ann-Charlotte Forslund, David Hjelm, Rebecca Jonson and Aarne Ranta",
    editor      = "",
    year        = "2005",
    url     = "http://www.talk-project.org/fileadmin/talk/publications_public/deliverables_public/TK_D1-1.pdf",
    pages       = "",
}
@INPROCEEDINGS{talbanken05,
    author = {Joakim Nivre and Jens Nilsson and Johan Hall},
    title = {Talbanken05: A Swedish treebank with phrase structure and dependency annotation},
    booktitle = {In Proceedings of the fifth international conference on Language Resources and Evaluation (LREC2006)},
    year = {},
    pages = {24--26}
} 
@book{ranta-2011,
   author = "Aarne Ranta",
   title= "Grammatical Framework: Programming with Multilingual Grammars",
   publisher = "CSLI Publications, Stanford",
   year = "2011",
   isbn = "ISBN-10: 1-57586-626-9",
   }
@MISC{wiren,
    author = {Mats Wirén},
    title = {On control strategies and incrementality in unification-based chart parsing},
    year = {1988}
}
