@article{pmcfg,
 author = {Seki, Hiroyuki and Matsumura, Takashi and Fujii, Mamoru and Kasami, Tadao},
 title = {{O}n multiple context-free grammars},
 journal = {{T}heor. {C}omput. {S}ci.},
 issue_date = {{O}ct. 7, 1991},
 volume = {88},
 issue = {2},
 month = oct,
 year = {1991},
 issn = {0304-3975},
 pages = {191--229},
 numpages = {39},
 url = {http://dx.doi.org/10.1016/0304-3975(91)90374-B},
 doi = {http://dx.doi.org/10.1016/0304-3975(91)90374-B},
 acmid = {123648},
 publisher = {{E}lsevier {S}cience {P}ublishers {L}td.},
 address = {{E}ssex, {U}{K}},
} 
@misc{birn,
    title       = "{S}wedish {C}onstraint {G}rammar",
    author      = "Birn, Juhani",
    editor = {Lingsoft Inc.},
    url =         {http://www2.lingsoft.fi/doc/swecg/intro/},
    year        = "1998",
}
@phdthesis{peter,
	title		= "{E}xpressivity and {C}omplexity of the {G}rammatical {F}ramework",
	author		= "Peter Ljunglöf",
	editor		= "",
	year		= "2004",
	url		= "http://www.ling.gu.se/\~{}peb/pubs/Ljunglof-2004a.pdf",
	pages		= "",
}
@book{SAG,
    author    = "Ulf Teleman and Staffan Hellberg and Erik Andersson",
    title     = "{S}venska {A}kademiens grammatik",
    year      = "1999",
    publisher = "{S}venska {A}kademien, {N}ordstedts",
    label = "SAG"
    }
@article {ontologies2,
	title = "{T}ypeful {O}ntologies with {D}irect {M}ultilingual {V}erbalization" ,
	year = {2011},
        journal ="LNCS Post-Proceedings of the Controlled Natural Languages Workshop (CNL 2010) , Marettimo, Italy",
	url = {http://publications.lib.chalmers.se/cpl/record/index.xsql?pubid=150487},
	author = {Enache, Ramona and Angelov, Krasimir},
}
@article{martinlof,
    author    = "Per Martin-Löf",
    title     = "{I}ntuitionistic type theory",
    journal   = "Notes by {G}iovanni {S}ambin of a series of lectures given in {P}adua, {J}une 1980",
    year      = "1984",
}
@book{diderichen,
    author    = "Paul Diderichsen",
    title     = "{E}lementær dansk grammatik",
    year      = "1946",
    publisher = "{G}yldendal",
    address   = "{C}openhagen"
}
@book{gamback,
    author = {Björn Gambäck},
    title = {{P}rocessing {S}wedish {S}entences: {A} {U}nification-{B}ased {G}rammar and {S}ome {A}pplications},
    year = {1997}
}
@INPROCEEDINGS{cle,
    author = {Alshawi Carter and D. M. Carter and J. Van Eijck and R. C. Moore and S. G. Pulman},
    title = {{O}verview of the {C}ore {L}anguage {E}ngine},
    booktitle = {{P}roceedings of the {I}nternational {C}onference on {F}ifth {G}eneration {C}omputer {S}ystems},
    year = {1988},
    pages = {1108--1115}
}
@inproceedings{matrix,
  author = {Bender, Emily M. and Flickinger, Dan and Oepen, Stephan},
  title = {{T}he {G}rammar {M}atrix: {A}n {O}pen-{S}ource {S}tarter-{K}it for the
           {R}apid {D}evelopment of {C}ross-{L}inguistically {C}onsistent
           {B}road-{C}overage {P}recision {G}rammars},
  booktitle = {{P}roceedings of the {W}orkshop on {G}rammar {E}ngineering and
               {E}valuation at the 19th {I}nternational {C}onference on
               {C}omputational {L}inguistics},
  editor = {{C}arroll, {J}ohn and {O}ostdijk, {N}elleke and {S}utcliffe, {R}ichard},
  address = {{T}aipei, {T}aiwan},
  pages = {8--14},
  year = {2002}
}
@inproceedings{cnl,
  author    = {Krasimir Angelov and
               Aarne Ranta},
  title     = {{I}mplementing {C}ontrolled {L}anguages in {G}{F}},
  booktitle = {{C}{N}{L}},
  year      = {2009},
  pages     = {82-101},
}
@book{H&H,
    author    = "Philip Holmes and Ian Hinchcliff",
    title     = "{S}wedish - {A} {C}omprehensive {G}rammar",
    year      = "1994",
    edition   = "2nd",
    publisher = "{R}outledge",
    address   = "{L}ondon"
}
@misc{laanemets,
    title       = "{T}he passive voice in written and spoken {S}candinavian",
    author      = "Laanemets, Anu",
    journal     = "{F}ryd, {M}arc (ed.) {P}assive in {G}ermanic {L}anguages",
    url =         {http://gagl.eldoc.ub.rug.nl/root/2009-49/2009-49-07/?pLanguage=en\&pFullItemRecord=ON},
    year        = "2009",
}
@article{gf-resource,
    author    = "Aarne Ranta",
    title     = "{T}he {G}{F} {R}esource {G}rammar {L}ibrary",
    journal   = "{L}inguistic {I}ssues in {L}anguage {T}echnology",
    year      = "2009",
}
@book{gunlog,
    author    = "Gunlög Josefsson",
    title     = "{S}vensk universitetsgrammtik för nybörjare",
    publisher = "{S}tudentlitteratur",
    year      = "2001",
}
@book{bratko,
    author    = "{I}van {B}ratko",
    title     = "{P}{R}{O}{L}{O}{G} {P}rogramming for {A}rtificial {I}ntelligence",
    year      = "2000",
}
@INPROCEEDINGS{fdg,
    author = {Pasi Tapanainen and Timo Järvinen},
    title = {A Non-Projective Dependency Parser},
    booktitle = {In Proceedings of the 5th Conference on Applied Natural Language Processing},
    year = {1997},
    pages = {64--71}
}
@ARTICLE{prolog,
AUTHOR = "{X}iaochu {Q}i",
TITLE = "{A}n {I}mplementation of the {L}anguage {L}ambda {P}rolog {O}rganized around {H}igher-{O}rder {P}attern {U}nification",
JOURNAL = "{C}o{R}{R}",
YEAR = {2009}  }
@article {pgf,
   author = {Angelov, Krasimir and Bringert, Björn and Ranta, Aarne},
   title = {{P}{G}{F}: {A} {P}ortable {R}un-time {F}ormat for {T}ype-theoretical {G}rammars},
   journal = {{J}ournal of {L}ogic, {L}anguage and {I}nformation},
   pages = {201-228},
   volume = {19},
   issue = {2},
   year = {2010}
}
@article{mrs,
  author = {Copestake, Ann and Flickinger, Dan and Sag, Ivan A. and Pollard, Carl},
  title = {{M}inimal {R}ecursion {S}emantics: {A}n {I}ntroduction},
  url = {http://www-csli.stanford.edu/\~{}sag/sag.html},
  note = {{D}raft},
  year = {1999}
}
@book{haskell,
    author    = "{S}imon {T}hompson",
    title     = "{H}askell: {T}he {C}raft of {F}unctional {P}rogramming",
    publisher = "{A}ddison-{W}esley",
    edition  = "2nd",
    year      = "1999",
}
@book{ml,
 author = {Milner, Robin and Tofte, Mads and Macqueen, David},
 title = {{T}he  {D}efinition of {S}tandard {M}{L}},
 year = {1997},
 publisher = {{M}{I}{T} {P}ress},
 address = {{C}ambridge, {M}{A}, {U}{S}{A}},
} 
@INPROCEEDINGS{gfalfa,
    author = {Thomas Hallgren and Aarne Ranta},
    title = {{A}n {E}xtensible {P}roof {T}ext {E}ditor},
    booktitle = {{I}N {L}OGIC {F}OR {P}ROGRAMMING {A}ND {A}UTOMATED {R}EASONING, {V}OLUME 1955 OF {L}{N}{C}{S}},
    year = {2000},
    pages = {70--84},
    publisher = {{S}pringer}
}
@INPROCEEDINGS{agda,
    author = {Ulf Norell},
    title = {{D}ependently typed programming in {A}gda},
    booktitle = {{I}n {L}ecture {N}otes from the {S}ummer {S}chool in {A}dvanced {F}unctional {P}rogramming},
    year = {2008}
}

@phdthesis{gfMech,
    author    = "Krasimir Angelov",
    title     = "{T}he {M}echanics of the {G}rammatical {F}ramework",
    school    = "{C}halmers {U}niversity of {T}hechnology and {U}niversity of {G}othenburg",
    year      = "2011"
    }

@article{gfpenn,
    author    = "Krasimir Angelov",
    title     = "{A} {T}reebank for {G}rammatical {F}ramework",
    year      = "2011"
}
@mastersthesis{stymne,
    author    = "Sara Stymne",
    title     = "{S}wedish-{{E}}nglish {V}erb {F}rame {D}ivergences in a {B}ilingual {H}ead-driven {P}hrase {S}tructure {G}rammar for {M}achine {T}ranslation",
    school    = "{L}inköping {U}niversity",
    year      = "2006",
}
@mastersthesis{ramona,
    author    = "Ramona Enache",
    title     = "{R}easoning and {L}anguage {G}eneration in the {S}{U}{M}{O} {O}ntology",
    school    = "{C}halmers {U}niversity of {T}echnology",
    year      = "2010",
}
@book{spoken,
    author    = "Manny Rayner and David Carter and Pierrette Bouillon and Vassilisi Digalakis and Mats
    Wirén",
    title     = "{T}he spoken language translator",
    publisher = "{C}ambridge {U}niverisy press", 
    year      = "2000",
}Studies in natural language processing",
@Book{hpsg,
 title = {Head-Driven {P}hrase {S}tructure {G}rammar},
 publisher = {{U}niversity of {C}hicago {P}ress},
 year = {1994},
 author = {Pollard, C. and Sag, I.}
}
@MISC{nivreTrees,
    author = {Joakim Nivre},
    title = {{W}hat {K}inds of {T}rees {G}row in {S}wedish {S}oil? {A} comparison of four annotation schemes for {S}wedish},
    year = {2002}
}
@book{Xbook,
    author    = "",
    title     = "",
    publisher = "",
    %volume   = "",
    %number   = "",
    %series   = "",
    %address  = "",
    %edition  = "",
    year      = "XXXX",
    %month    = "",
    %note     = "",
}
@mastersthesis{Xthesis,
    author    = "",
    title     = "",
    school    = "",
    %type     = "diploma thesis",
    %address  = "",
    year      = "XXXX",
    %month    = "",
    %note     = "",
}
@article{Xarticle,
    author    = "",
    title     = "",
    journal   = "",
    %volume   = "",
    %number   = "",
    %pages    = "",
    year      = "XXXX",
    %month    = "",
    %note     = "",
}
@article{tag,
    author    = "Aravind K. Joshi",
    title     = "{T}ree adjunct grammars",
    journal   = "{J}ournal of {C}omputer and {S}ystem {S}ciences archive",
    year      = "1975",
}
@phdthesis{hg,
    title={{G}eneralized phrase structure grammars, head grammars and natural language},
    journal={{P}h{D} dissertation {S}tanford {U}niversity {R}ounds {W}{C}}, 
    author={Pollard, Carl},
    year={1984},}
@article{gazdar,
    author = "Gerald Gazdar",
    title = "{U}nbounded {D}ependencies and {C}oordinate {S}tructure",
    year = "1981",
    journal = "{L}inguistic {I}nquiry",
    volume = "12",
    pages = "155-184",
}

@article{scandmatrix,
    author = "Anders Søgaard and Petter Haugereid",
    title = "{A} brief documentation of a computational {HPSG} grammar specifying (most of) the common subset of linguistic types for {D}anish, {N}orwegian and {S}wedish",
    year = "2005",
    journal = "{N}ordisk {S}progteknologi 2004",
    pages    = "247-56",
    editor      = "{H}. {H}olmboe",
    address  = "{C}openhagen: {M}useum {T}usculanum",
}
@conference {patent,
	title = {{P}atent translation within the {M}{O}{L}{T}{O} project},
          year = {2011},
	keywords = {{G}{F}, hybrid, patent translation, {S}{M}{T}},
	url = {http://www.molto-project.eu/sites/default/files/patents{M}{O}{L}{T}{O}4.pdf},
	author = {Cristina España-Bonet and Enache, Ramona and Slaski, Adam and Ranta, Aarne and Llu\'\is Marquez and Gonzalez, Meritxell}
}
@article{saldo,
    title       = "{S}{A}{L}{D}{O} 1.0 ({S}venskt associationslexikon version 2)",
    author      = "Lars Borin and Markus Forsberg and Lennart Lönngren",
    editor      = "",
    year        = "2008",
    url     = "http://spraakbanken.gu.se/personal/markus/publications/saldo\_1.0.pdf",
    pages       = "",
}

@article{fm,
title		= "{T}he {F}unctional {M}orphology {L}ibrary",
author		= "Markus Forsberg",
editor		= "",
year		= "2007",
url		= "http://www.cs.chalmers.se/\~{}markus/FM\_Tech\_Report.pdf",
pages		= "",
}
@MISC{webalt,
    author = {Olga Caprotti},
    title = {{W}eb{A}{L}{T}! {D}eliver {M}athematics {E}verywhere},
    year = {2006}
}
@book{mamba,
    author    = "Ulf Teleman",
    title     = "{M}anual för grammatisk beskrivning av talad och skriven svenska ",
    publisher = "{S}tudentlitteratur",
    address  = "{L}und",
    year      = "1974",
}
@INPROCEEDINGS{key,
    author = {David A. Burke and Kristofer Johannisson},
    title = {{T}ranslating {F}ormal {S}oftware {S}pecifications to {N}atural {L}anguage/{A} {G}rammar {B}ased {A}pproach},
    booktitle = {{I}n {P}roceedings of {L}ogical {A}spects of {C}omputational {L}inguistics ({L}{A}{C}{L}’05)},
    year = {2005},
    pages = {52--66},
    publisher = {{S}pringer-{V}erlag}
}
@ARTICLE{montague,
    author = {Aarne Ranta},
    title = { {C}omputational {S}emantics in {T}ype {T}heory},
    journal = {{M}athematics and {S}ocial {S}ciences},
    year = {2004},
    volume = {165},
    pages = {31--57}
}
@article{talbanken,
    title       = "{T}albankens skriftspråkskonkordans",
    author      = "Jan Einarsson",
    editor      = "",
    year        = "1976",
    pages       = "",
}

@MISC{Molto,
    title = {{M}{O}{L}{T}{O} - {M}ultilingual {O}n-line {T}ranslation},
    url     = "http://www.molto-project.eu/",
    year = {2010}
}
@article{MarkusForsberg2007,
  title       = "{T}hree {T}ools for {L}anguage {P}rocessing: {B}{N}{F} {C}onverter, {F}unctional {M}orphology, and {E}xtract",
  author      = "Markus Forsberg",
  editor      = "",
  year        = "2007",
  url     = "http://www.cs.chalmers.se/\~{}markus/phd2007\_print\_version.pdf
  }
@MISC{malt,
    author = {Johan Hall},
    title = {{A} {H}ybrid {C}onstituency-{D}ependency {P}arser for {S}wedish},
    year = {2007}
}
@article{talk,
    title       = "{T}he {T}{A}{L}{K} {G}rammar {L}ibrary: {A}n {I}ntegration of {G}{F} with {T}rindi{K}it",
    author      = "Peter Ljunglöf and Björn Bringert and Robin Cooper and Ann-Charlotte Forslund and David Hjelm and Rebecca Jonson and Aarne Ranta",
    year        = "2005",
    url     = "http://www.talk-project.org/fileadmin/talk/publications\_public/deliverables\_public/TK\_D1-1.pdf",
    pages       = "",
}
@INPROCEEDINGS{talbanken05,
    author = {Joakim Nivre and Jens Nilsson and Johan Hall},
    title = {{T}albanken05: {A} {S}wedish treebank with phrase structure and dependency annotation},
    booktitle = {{I}n {P}roceedings of the fifth international conference on {L}anguage {R}esources and {E}valuation ({L}{R}{E}{C}2006)},
    year = {2006},
    pages = {24--26}
} 
@book{gfbok,
   author = "Aarne Ranta",
   title= "{G}rammatical {F}ramework: {P}rogramming with {M}ultilingual {G}rammars",
   publisher = "{C}{S}{L}{I} {P}ublications, {S}tanford",
   year = "2011",
   isbn = "ISBN-10: 1-57586-626-9",
   }
@MISC{wiren,
    author = {Mats Wirén},
    title = {{O}n control strategies and incrementality in unification-based chart parsing},
    year = {1988}
}
@inproceedings{pargram,
 author = {Butt, Miriam and Dyvik, Helge and King, Tracy Holloway and Masuichi, Hiroshi and Rohrer, Christian},
 title = {{T}he {P}arallel {G}rammar project},
 booktitle = {{C}{O}{L}{I}{N}{G}-02 on {G}rammar {E}ngineering and {E}valuation},
 year = {2002},
 pages = {1--7},
 url = {http://dx.doi.org/10.3115/1118783.1118786},
 publisher = {{A}ssociation for {C}omputational {L}inguistics},
 address = {{M}orristown, {N}{J}, {U}{S}{A}},
 }
@Book{lfg,
 title = {{T}he {M}ental {R}epresentation of {G}rammatical {R}elations},
 publisher = {{M}{I}{T} {P}ress},
 year = {1982},
 author = {Bresnan, J.}
}

@INPROCEEDINGS{casswe,
    author = {Dimitrios Kokkinakis and Sofie Johansson Kokkinakis},
    title = {{A} {C}ascaded {F}inite-{S}tate {P}arser for {S}yntactic {A}nalysis of {S}wedish},
    booktitle = {{I}n {P}roceedings of the 9th {E}{A}{C}{L}},
    year = {1999},
    pages = {245--248}
}
